@BOOK{oualline2001,
  author = {Steve Oualline},
  title = {{Vi IMproved---Vim}},
  publisher = {New Riders Publishing},
  year = {2001},
  url = {ftp://ftp.vim.org/pub/vim/doc/book/vimbook-OPL.pdf}
}

@online{citeurl2013,
  title = {{How can I use Bib\TeX{} to cite a web page?}},
  year = 2013,
  url = {http://tex.stackexchange.com/questions/3587/how-can-i-use-bibtex-to-cite-a-web-page},
  urldate = {2013-08-11}
}

@online{lam,
  title = {{VIM Hacks}},
  url = {http://www.slideshare.net/c9s/vim-hacks},
  urldate = {2013-08-11}
}

@online{goerz2008,
  title = {{Vim Latex-Suite Reference Card}},
  author = {Michael Goerz},
  url = {http://www.cheat-sheets.org/saved-copy/vimlatexqrc.pdf},
  urldate = {2013-08-11}
}

@book{wilmore2004physiology,
  title={Physiology of sport and exercise},
  author={Wilmore, Jack H and Costill, David L and Kenney, W Larry},
  volume={726},
  year={2004},
  publisher={Human kinetics USA}
}

