@BOOK{serre,
    author = {Serre, J. P.},
    title = {Cours d'arithmétique},
    publisher = {Presse Universitaire de France},
    year = {1970},
    edition = {1ère ed.},
    address = {Paris, France},
    pages = {103--106},
}
