@BOOK{oualline2001,
  author = {Steve Oualline},
  title = {{Vim IMproved---Vim}},
  publisher = {New Riders Publishing},
  year = {2001},
  otherinfo = {}
}

@article{asikainen2004exercise,
  title={Exercise for health for early postmenopausal women},
  author={Asikainen, Tuula-Maria and Kukkonen-Harjula, Katriina and Miilunpalo, Seppo},
  journal={Sports medicine},
  volume={34},
  number={11},
  pages={753--778},
  year={2004},
  publisher={Springer}
}
