@online{Gnu13,
  author = {Richard Stallman},
  title = {{Free Software and Education}},
  date = {2013-11-06},
  url = {http://www.gnu.org/education/education.html}
}

@article{kaplan2010users,
  title={{Users of the world, unite! The challenges and opportunities of social media}},
  author={Kaplan, Andreas M and Haenlein, Michael},
  journal={{Business Horizons}},
  volume={53},
  number={1},
  pages={59--68},
  year={2010},
  publisher={Elsevier}
}

